<?xml version="1.0" encoding="UTF-8"?><record xmlns="http://www.loc.gov/MARC21/slim" xmlns:cinclude="http://apache.org/cocoon/include/1.0" xmlns:zs="http://www.loc.gov/zing/srw/">
  <leader>00657nz  a2200181n  4500</leader>
  <controlfield tag="001">no2014124438</controlfield>
  <controlfield tag="003">DLC</controlfield>
  <controlfield tag="005">20140921122509.0</controlfield>
  <controlfield tag="008">140920n| azannaabn          |a ana     c</controlfield>
  <datafield tag="010" ind1=" " ind2=" ">
    <subfield code="a">no2014124438</subfield>
  </datafield>
  <datafield tag="035" ind1=" " ind2=" ">
    <subfield code="a">(OCoLC)oca09967214</subfield>
  </datafield>
  <datafield tag="040" ind1=" " ind2=" ">
    <subfield code="a">ICrlF</subfield>
    <subfield code="b">eng</subfield>
    <subfield code="e">rda</subfield>
    <subfield code="c">ICrlF</subfield>
  </datafield>
  <datafield tag="130" ind1=" " ind2="0">
    <subfield code="a">DreamWorks Dragons (Television program)</subfield>
  </datafield>
  <datafield tag="377" ind1=" " ind2=" ">
    <subfield code="a">eng</subfield>
  </datafield>
  <datafield tag="380" ind1=" " ind2=" ">
    <subfield code="a">Animated television program</subfield>
  </datafield>
  <datafield tag="430" ind1=" " ind2="0">
    <subfield code="a">Dragons (Television program)</subfield>
  </datafield>
  <datafield tag="670" ind1=" " ind2=" ">
    <subfield code="a">Testa, Maggie. Book of dragons, 2014 :</subfield>
    <subfield code="b">(Companion to: DreamWorks Dragons )</subfield>
  </datafield>
  <datafield tag="670" ind1=" " ind2=" ">
    <subfield code="a">OCLC, Sept. 20, 2014</subfield>
    <subfield code="b">(DreamWorks Dragons (2012-) ; "Dragons" (original title) ; TV Series ; 22 min ; Animation, Adventure, Comedy)</subfield>
  </datafield>
</record>